@article{Lei,
	author  = {Lei, T.},
	title   = {Similarity between the Mandelbrot set and Julia sets},
	year    = {1989},
	journal = {Communications in Mathematical Physics},
	doi     = {doi.org/10.1007/BF02098448}
}

@online{Edyta,
    author  = {Patrzalek, Edyta},
	title   = {Fractals: Useful Beauty},
	journal = {Stan Ackermans Institute},
	url     = {http://www.frsn.utn.edu.ar/gie/an/mnedo/34_RK.html}
}


@online{Devaney,
    author  = {Devaney, R.},
	title   = {Unveiling the Mandelbrot set},
	journal = {+Plus magazine},
	url     = {https://plus.maths.org/content/unveiling-mandelbrot-set}
}


@online{coursera,
    author  = {Hern√°ndez, D.},
	title   = {Fractal Assifnment: Fractal by Julia's sets.},
	journal = {Coursera},
	url     = {https://www.coursera.org/learn/emergent-phenomena/peer/TIqiI/fractal-assignment/review/atqROH2CEemB-RJKimnFoA}
}

@online{wolfram,
    author  = {WolframMathWorld},
	title   = {Complex Number},
	url     = {http://mathworld.wolfram.com/ComplexNumber.html}
}



@online{csc,
    author  = {Tennessee Tech University},
	title   = {Fractals: Julia Sets},
	url     = {http://users.csc.tntech.edu/~jgraves/complex_fractals/juliasets.html}
}

@book{Crownover,
	author  = {Crownover, R.},
	title   = {Introduction to Fractals and Chaos},
	year    = {1995},
	editorial = {University of Missoury Columbia, Jones and Bartlett Publishers}
}

@book{PJS,
	author  = {Peitgen, H and J\"urgens, H. and Saupe, D.},
	title   = {Chaos and Fractals},
	year    = {2004},
	editorial = {Springer}
}
